@book{TDotW,
author = {Oswald Spengler},
title = {The Decline of the West},
booktitle = {The Decline of the West},
publisher = {A. Knopf},
isbn = {978-0394421797}, 
year = 1992
}

@article{TFoE,
author = {Carl Benedikt Frey and Michael A. Osborne},
title = {The Future of Employment: How susceptible are jobs to computerisation?},
year = {2013}
}

@incollection{TOoTC,
author = {Goldin, C. and Katz, L.F.},
year = {1998},
title = {The origins of technology-skill complementarity},
booktitle= {The Quarterly Journal of Economics},
volume = {113, no. 3},
pages = {693 - 732}
}

@incollection{Allen,
author = {Allen, S.G.},
year = {2001},
title = {Technology and the wage structure},
booktitle = {Journal of Labour Economics},
volume = {19, no. 2},
pages = {440 - 483}
}


@misc{DCFR,
   author = "Wikipedia Contributors",
   title = "List of sovereign states and dependent territories by fertility rate --- Wikipedia{,} The Free Encyclopedia",
   year = "2015",
   url = "https://en.wikipedia.org/w/index.php?title=List_of_sovereign_states_and_dependent_territories_by_fertility_rate&oldid=679966100",
   note = "[Online; accessed 20-September-2015, last revision: 07-September-2015]"
 }